<?xml version="1.0" encoding="UTF-8"?><collection xmlns="http://www.loc.gov/MARC21/slim"><record><leader>00348nam--2200121-i-4500</leader><controlfield tag="001">000040779</controlfield><controlfield tag="002">20161230</controlfield><controlfield tag="005">20161230201042</controlfield><controlfield tag="008">060222s1000------------r-----000-0-eng-d</controlfield><datafield ind1=" " ind2=" " tag="080"><subfield code="a">621.9</subfield></datafield><datafield ind1=" " ind2=" " tag="245"><subfield code="a">Schimburi de experienta. tehnologii organizare</subfield></datafield><datafield ind1=" " ind2=" " tag="260"><subfield code="a">Bucuresti, Of.De Inform.Docum.Pentru Industria Constr.De Masini,. 1988, 76p</subfield></datafield><datafield ind1=" " ind2=" " tag="852"><subfield code="a">71460</subfield></datafield></record></collection>